@unpublished{carmack2013extending,
  title={EXTENDING SYMMETRY-MODE ANALYSIS TO DETERMINING MAGNETIC SUPERSTRUCTURE SYMMETRY},
  author={Carmack, Joseph M},
  year={2013},
  school={Brigham Young University-Idaho}
}

@article{carmack2017diverse,
  title={Diverse morphologies in thin-film bijels by varying film thickness and composition},
  author={Carmack, Joseph M and Millett, Paul C},
  journal={Soft Matter},
  year={2017},
  publisher={Royal Society of Chemistry}
}

@article{carmack2015numerical,
  title={Numerical simulations of bijel morphology in thin films with complete surface wetting},
  author={Carmack, Joseph M and Millett, Paul C},
  journal={The Journal of chemical physics},
  volume={143},
  number={15},
  pages={154701},
  year={2015},
  publisher={AIP Publishing}
}
